<?xml version="1.0" encoding="UTF-8"?><collection xmlns="http://www.loc.gov/MARC21/slim"><record><leader>00277nam--2200097-i-4500</leader><controlfield tag="001">000007784</controlfield><controlfield tag="002">20161230</controlfield><controlfield tag="005">20161230201027</controlfield><controlfield tag="008">060222s1000------------r-----000-0-eng-d</controlfield><datafield ind1=" " ind2=" " tag="245"><subfield code="a">Collection securite</subfield></datafield><datafield ind1=" " ind2=" " tag="260"><subfield code="a">(Safety Series) Nr.13: Organisation Des Services De Protection Radiologique</subfield></datafield></record></collection>